<?xml version="1.0" encoding="UTF-8"?><collection xmlns="http://www.loc.gov/MARC21/slim"><record><leader>00531nam--2200181-i-4500</leader><controlfield tag="001">000046402</controlfield><controlfield tag="002">20161230</controlfield><controlfield tag="005">20161230201045</controlfield><controlfield tag="008">060222s1000------------r-----000-0-eng-d</controlfield><datafield ind1=" " ind2=" " tag="040"><subfield code="a">IFIN-HH</subfield></datafield><datafield ind1=" " ind2=" " tag="080"><subfield code="a">621-233</subfield></datafield><datafield ind1="1" ind2=" " tag="100"><subfield code="a">Geary, P.J</subfield></datafield><datafield ind1="1" ind2="0" tag="245"><subfield code="a">Magnetic and electric suspensions</subfield><subfield code="b">A survey of their design, construction, and use</subfield><subfield code="c">Geary, p.j</subfield></datafield><datafield ind1=" " ind2=" " tag="260"><subfield code="a">London</subfield><subfield code="b">Taylor &amp; Francis Ltd</subfield><subfield code="c">1964</subfield></datafield><datafield ind1=" " ind2=" " tag="300"><subfield code="a">162P</subfield></datafield><datafield ind1=" " ind2=" " tag="490"><subfield code="a">Sira Survey Of Instrument Parts</subfield><subfield code="v">No. 6</subfield></datafield><datafield ind1=" " ind2=" " tag="852"><subfield code="a">20870</subfield><subfield code="c">537:538</subfield></datafield><datafield ind1=" " ind2=" " tag="CAT"><subfield code="a">Sys</subfield><subfield code="c">20120419</subfield><subfield code="h">110606</subfield></datafield></record></collection>